<record><leader>00000cas a22000007a 4500</leader><controlfield tag="001">11708808</controlfield><controlfield tag="008">850219d19191965wiuwr ne      0    0eng d</controlfield><datafield ind1=" " ind2=" " tag="010"><subfield code="a">sn 85040172 </subfield></datafield><datafield ind1=" " ind2=" " tag="040"><subfield code="a">NPV</subfield><subfield code="b">eng</subfield><subfield code="c">NPV</subfield><subfield code="d">OCLCQ</subfield></datafield><datafield ind1=" " ind2=" " tag="042"><subfield code="a">msc</subfield></datafield><datafield ind1=" " ind2=" " tag="043"><subfield code="a">n-us-wi</subfield></datafield><datafield ind1=" " ind2=" " tag="045"><subfield code="a">x1x6</subfield></datafield><datafield ind1=" " ind2=" " tag="052"><subfield code="a">4123</subfield><subfield code="b">L3</subfield></datafield><datafield ind1="0" ind2=" " tag="130"><subfield code="a">Pick and gad (Shullsburg, Wis. : 1919)</subfield></datafield><datafield ind1="1" ind2="4" tag="245"><subfield code="a">The pick and gad.</subfield></datafield><datafield ind1="1" ind2="3" tag="246"><subfield code="a">Pick and gad of Shullsburg</subfield></datafield><datafield ind1="1" ind2="7" tag="246"><subfield code="a">Shullsburg pick and gad</subfield></datafield><datafield ind1="1" ind2="7" tag="246"><subfield code="a">Pick &amp; gad</subfield></datafield><datafield ind1=" " ind2=" " tag="260"><subfield code="a">Shullsburg, Wis. :</subfield><subfield code="b">A.F. Gratiot,</subfield><subfield code="c">1919-1965.</subfield></datafield><datafield ind1=" " ind2=" " tag="300"><subfield code="a">83 v. :</subfield><subfield code="b">ill.</subfield></datafield><datafield ind1=" " ind2=" " tag="310"><subfield code="a">Weekly</subfield></datafield><datafield ind1="0" ind2=" " tag="362"><subfield code="a">Vol. 38, no. 40 (May 15, 1919)-v. 83, no. 4 (Sept. 16, 1965).</subfield></datafield><datafield ind1=" " ind2=" " tag="500"><subfield code="a">Publisher varies.</subfield></datafield><datafield ind1=" " ind2=" " tag="500"><subfield code="a">Editors: A.F. Gratiot, May 15, 1919-Dec. 28, 1922; A.W. Law, Jan. 4, 1923-May 14, 1936.</subfield></datafield><datafield ind1=" " ind2=" " tag="525"><subfield code="a">Supplements accompany some issues.</subfield></datafield><datafield ind1=" " ind2=" " tag="530"><subfield code="a">Available on microfilm from The State Historical Society of Wisconsin.</subfield></datafield><datafield ind1=" " ind2=" " tag="752"><subfield code="a">United States</subfield><subfield code="b">Wisconsin</subfield><subfield code="c">Lafayette</subfield><subfield code="d">Shullsburg.</subfield></datafield><datafield ind1="0" ind2="0" tag="780"><subfield code="t">Shullsburg pick and gad</subfield><subfield code="w">(DLC)sn 85040171</subfield></datafield><datafield ind1="0" ind2="4" tag="785"><subfield code="t">Republican journal Belmont success and pick and gad</subfield></datafield><datafield ind1="1" ind2=" " tag="029"><subfield code="a">AU@</subfield><subfield code="b">000025797605</subfield></datafield></record>